@misc{protege,
  Author = {Stanford Center for Biomedical Informatics Research},
  Title = {protégé},
  month = jun,
  year = {2010},
  howpublished = {http://protege.stanford.edu/}
}

@misc{jena,
  Author = {HP Labs Semantic Web Programme},
  Title = {Jena – A Semantic Web Framework for Java},
  month = jun,
  year = {2010},
  howpublished = {http://jena.sourceforge.net/}
}
