@misc{protege,
  Author = {Stanford Center for Biomedical Informatics Research},
  Title = {protégé},
  month = jun,
  year = {2011},
  howpublished = {http://protege.stanford.edu/}
}

@misc{jena,
  Author = {HP Labs Semantic Web Programme},
  Title = {Jena – A Semantic Web Framework for Java},
  month = jun,
  year = {2011},
  howpublished = {http://jena.sourceforge.net/}
}

@online{w3c
 Title = {Word Wide Web Consortium},
 month = jun,
 year = {2011},
 url = {http://www.w3.org/}
 
@online{dbpedia
 Title = {DBPedia},
 month = jun,
 year = {2011},
 url = {http://http://dbpedia.org/}

@online{movieontology
 Title = {The Movie Ontology},
 month = jun,
 year = {2011},
 url = {http://www.movieontology.org/}

